<?xml version="1.0" encoding="UTF-8"?><record xmlns="http://www.loc.gov/MARC21/slim" xmlns:cinclude="http://apache.org/cocoon/include/1.0" xmlns:zs="http://www.loc.gov/zing/srw/">
  <leader>02119cz  a2200229n  4500</leader>
  <controlfield tag="001">n 2004144391</controlfield>
  <controlfield tag="003">DLC</controlfield>
  <controlfield tag="005">20130322085005.0</controlfield>
  <controlfield tag="008">041124n| azannaabn          |a ana      </controlfield>
  <datafield tag="010" ind1=" " ind2=" ">
    <subfield code="a">n 2004144391</subfield>
  </datafield>
  <datafield tag="035" ind1=" " ind2=" ">
    <subfield code="a">(OCoLC)oca06503598</subfield>
  </datafield>
  <datafield tag="040" ind1=" " ind2=" ">
    <subfield code="a">DLC</subfield>
    <subfield code="b">eng</subfield>
    <subfield code="e">rda</subfield>
    <subfield code="c">DLC</subfield>
    <subfield code="d">NNU-L</subfield>
    <subfield code="d">IEN</subfield>
    <subfield code="d">DLC</subfield>
  </datafield>
  <datafield tag="110" ind1="1" ind2=" ">
    <subfield code="a">Australia.</subfield>
    <subfield code="b">Department of Immigration and Multicultural and Indigenous Affairs</subfield>
  </datafield>
  <datafield tag="410" ind1="1" ind2=" ">
    <subfield code="a">Australia.</subfield>
    <subfield code="b">Department of Immigration &amp; Multicultural &amp; Indigenous Affairs</subfield>
  </datafield>
  <datafield tag="410" ind1="1" ind2=" ">
    <subfield code="w">nnea</subfield>
    <subfield code="a">Australia.</subfield>
    <subfield code="b">Dept. of Immigration and Multicultural and Indigenous Affairs</subfield>
  </datafield>
  <datafield tag="410" ind1="1" ind2=" ">
    <subfield code="a">Australia.</subfield>
    <subfield code="b">Immigration and Multicultural and Indigenous Affairs, Department of</subfield>
  </datafield>
  <datafield tag="410" ind1="2" ind2=" ">
    <subfield code="a">DIMIA</subfield>
  </datafield>
  <datafield tag="510" ind1="1" ind2=" ">
    <subfield code="w">a</subfield>
    <subfield code="a">Australia.</subfield>
    <subfield code="b">Aboriginal and Torres Strait Islander Commission</subfield>
  </datafield>
  <datafield tag="510" ind1="1" ind2=" ">
    <subfield code="w">a</subfield>
    <subfield code="a">Australia.</subfield>
    <subfield code="b">Department of Immigration and Multicultural Affairs</subfield>
  </datafield>
  <datafield tag="670" ind1=" " ind2=" ">
    <subfield code="a">Australian government Department of Immigration and Multicultural and Indigenous Affairs WWW home page, November 24, 2004</subfield>
    <subfield code="b">(Australian government Department of Immigration and Multicultural and Indigenous Affairs) about us (Department of Immigration was originally created in 1945 and over the years had a number of name changes to include Local Government, Ethnic Affairs and Multicultural Affairs. There was also a Department of Aboriginal Affairs from 1972 until 1990 (when the Aboriginal and Torres Strait Islander Commission was established) and a Department of Reconciliation and Aboriginal and Torres Strait Islander Affairs during 2001. On 26 November 2001 the new Coalition Government announced the combination of the two previous Departments as the Department for Immigration and Multicultural and Indigenous Affairs (DIMIA))</subfield>
  </datafield>
  <datafield tag="670" ind1=" " ind2=" ">
    <subfield code="a">Phone call to the Australian Embassy, Washington, D.C., November 24, 2004</subfield>
    <subfield code="b">(In 2001, Dept. of Immigration and Multicultural Affairs was merged with the Aboriginal and Torres Strait Islander Commission to create the Dept. of Immigration and Multicultural and Indigenous Affairs)</subfield>
  </datafield>
  <datafield tag="670" ind1=" " ind2=" ">
    <subfield code="a">Interpreting the Refugees Convention, 2002:</subfield>
    <subfield code="b">p. 21, etc. (DIMIA; Department of Immigration &amp; Multicultural &amp; Indigenous Affairs)</subfield>
  </datafield>
</record>